@misc{unity, title={Profiler overview}, url={https://docs.unity3d.com/Manual/Profiler.html}, journal={Unity - Manual: Profiler overview}, author={Unity}}

@misc{unity3d_2017, title={Unite Europe 2017 - Performance optimization for beginners}, url={https://www.youtube.com/watch?v=1e5WY2qf600}, journal={YouTube}, publisher={YouTube}, author={Unity3D}, year={2017}, month={Jul}}

@misc{unity3d_2017, title={Unite Europe 2017 - Practical guide to profiling tools in Unity}, url={https://www.youtube.com/watch?v=OSlOwJP8Z14}, journal={YouTube}, publisher={YouTube}, author={Unity3D}, year={2017}, month={Jul}}

@misc{unity3d_2016, title={Unite 2016 - Let's Talk (Content) Optimization}, url={https://www.youtube.com/watch?v=n-oZa4Fb12U}, journal={YouTube}, publisher={YouTube}, author={Unity3D}, year={2016}, month={Dec}}

@misc{unity, title={Performance Optimization}, url={https://unity3d.com/learn/tutorials/topics/performance-optimization}, journal={Unity}, author={Unity}}

@misc{unity, title={MonoBehaviour.Invoke}, url={https://docs.unity3d.com/ScriptReference/MonoBehaviour.Invoke.html}, journal={Unity - Scripting API: MonoBehaviour.Invoke}, author={Unity}}

@misc{unity, title={Optimizing garbage collection in Unity games}, url={https://unity3d.com/learn/tutorials/topics/performance-optimization/optimizing-garbage-collection-unity-games}, journal={Unity}, author={Unity}}

@misc{katecpp, title={Loop Unrolling}, url={http://katecpp.github.io/loop-unrolling/}, journal={Loop unrolling}, author={katecpp}}

@misc{geeks for geeks_2018, title={Loop Unrolling}, url={https://www.geeksforgeeks.org/loop-unrolling/}, journal={GeeksforGeeks}, author={Geeks For Geeks}, year={2018}, month={Feb}}

@misc{anon, title={Loop Unrolling}, url={https://www.d.umn.edu/~gshute/arch/loop-unrolling.xhtml}, journal={Loop Unrolling}, author={anon}}

